@article{deng2020heart,
  title={Heart sound classification based on improved MFCC features and convolutional recurrent neural netwuorks},
  author={Deng, Muqing and Meng, Tingting and Cao, Jiwen and Wang, Shimin and Zhang, Jing and Fan, Huijie},
  journal={Neural Networks},
  volume={130},
  pages={22--32},
  year={2020},
  publisher={Elsevier}
}

@article{liu2016open,
  title={An open access database for the evaluation of heart sound algorithms},
  author={Liu, Chengyu and Springer, David and Li, Qiao and Moody, Benjamin and Juan, Ricardo Abad and Chorro, Francisco J and Castells, Francisco and Roig, Jos{\'e} Millet and Silva, Ikaro and Johnson, Alistair EW and others},
  journal={Physiological measurement},
  volume={37},
  number={12},
  pages={2181},
  year={2016},
  publisher={IOP Publishing}
}

@article{members2016heart,
  title={Heart disease and stroke statistics-2016 update: a report from the American Heart Association},
  author={Members, Writing Group and Mozaffarian, Dariush and Benjamin, Emelia J and Go, Alan S and Arnett, Donna K and Blaha, Michael J and Cushman, Mary and Das, Sandeep R and de Ferranti, Sarah and Despr{\'e}s, Jean-Pierre and others},
  journal={Circulation},
  volume={133},
  number={4},
  pages={e38--e360},
  year={2016}
}

@article{yuenyong2011framework,
  title={A framework for automatic heart sound analysis without segmentation},
  author={Yuenyong, Sumeth and Nishihara, Akinori and Kongprawechnon, Waree and Tungpimolrut, Kanokvate},
  journal={Biomedical engineering online},
  volume={10},
  pages={1--23},
  year={2011},
  publisher={Springer}
}

@inproceedings{strunic2007detection,
  title={Detection and classification of cardiac murmurs using segmentation techniques and artificial neural networks},
  author={Strunic, Spencer L and Rios-Guti{\'e}rrez, Fernando and Alba-Flores, Roc{\'\i}o and Nordehn, Glenn and Burns, Stanley},
  booktitle={2007 IEEE symposium on computational intelligence and data mining},
  pages={397--404},
  year={2007},
  organization={IEEE}
}
@article{lam2018factors,
  title={Factors associated with performing urgent coronary angiography in out-of-hospital cardiac arrest patients},
  author={Lam, David H and Glassmoyer, Lauren M and Strom, Jordan B and Davis, Roger B and McCabe, James M and Cutlip, Donald E and Donnino, Michael W and Cocchi, Michael N and Pinto, Duane S},
  journal={Catheterization and Cardiovascular Interventions},
  volume={91},
  number={5},
  pages={832--839},
  year={2018},
  publisher={Wiley Online Library}
}

@article{gupta2007neural,
  title={Neural network classification of homomorphic segmented heart sounds},
  author={Gupta, Cota Navin and Palaniappan, Ramaswamy and Swaminathan, Sundaram and Krishnan, Shankar M},
  journal={Applied soft computing},
  volume={7},
  number={1},
  pages={286--297},
  year={2007},
  publisher={Elsevier}
}

@article{nguyen2023heart,
  title={Heart sound classification using deep learning techniques based on log-mel spectrogram},
  author={Nguyen, Minh Tuan and Lin, Wei Wen and Huang, Jin H},
  journal={Circuits, Systems, and Signal Processing},
  volume={42},
  number={1},
  pages={344--360},
  year={2023},
  publisher={Springer}
}

@article{rane2021re,
  title={Re-designing the business organization using disruptive innovations based on blockchain-IoT integrated architecture for improving agility in future Industry 4.0},
  author={Rane, Santosh B and Narvel, Yahya Abdul Majid},
  journal={Benchmarking: An International Journal},
  volume={28},
  number={5},
  pages={1883--1908},
  year={2021},
  publisher={Emerald Publishing Limited}
}

@inproceedings{chong20220,
  title={0.08 mm 2 128nW MFCC Engine for Ultra-low Power, Always-on Smart Sensing Applications},
  author={Chong, Yi Sheng and Goh, Wang Ling and Ong, Yew Soon and Nambiar, Vishnu P and Do, Anh Tuan},
  booktitle={2022 IEEE International Symposium on Circuits and Systems (ISCAS)},
  pages={2680--2684},
  year={2022},
  organization={IEEE}
}

@inproceedings{han2006efficient,
  title={An efficient MFCC extraction method in speech recognition},
  author={Han, Wei and Chan, Cheong-Fat and Choy, Chiu-Sing and Pun, Kong-Pang},
  booktitle={2006 IEEE International Symposium on Circuits and Systems (ISCAS)},
  pages={4--pp},
  year={2006},
  organization={IEEE}
}

@misc{judith2017,
  title        = {Predictive maintenance with airborne sound analysis},
  author       = {Judith Liebetrau and Sascha Grollmisch},
  year         = 2017,
  url          = {https://www.processingmagazine.com/process-control-automation/article/15587140/predictive-maintenance-with-airborne-sound-analysis},
  note         = {Accessed on September 03, 2024}
}
